@article{Aberg2007Wave,
author = {{\AA}berg, S.},
title = {Wave intensities and slopes in {L}agrangian seas},
journal = {Adv. Appl. Probab.},
volume = {39},
pages = {1020--1035},
year = {2007},
}

@article{AbergAndLindgren2008Height,
author = {{\AA}berg, S. and Lindgren, G.},
title = {Height ditributions of stochastic {L}agrange ocean waves},
journal = {Prob. Eng. Mech},
volume = {23},
pages = {359--363},
year = {2008},
}

@article{Lindgren2006Slepian,
author = {Lindgren, G.},
title = {Slepian models for the stochastic shape of individual {L}agrange sea waves},
journal = {Adv. Appl. Probab.},
volume = {38},
pages = {430--450},
year = {2006},
}

@article{Lindgren2009Exact,
author = {Lindgren, G.},
title = {Exact asymmetric slope distributions in stochastic {G}auss-{L}agrange ocean waves},
journal = {Appl. Ocean Res.},
volume = {31},
pages = {65--73},
year = {2009},
}

@article{Lindgren2010Slope,
author = {Lindgren, G.},
title = {Slope distributions in front-back asymmetric stochastic {L}agrange time waves},
journal = {Ann. Appl. Prob.},
volume = {42},
pages = {489--508},
year = {2010},
}

@article{LindgrenAndAberg2009First,
author = {Lindgren, G. and {\AA}berg, S.},
title = {First order stochastic {L}agrange model for asymmetric ocean waves},
journal = {J. Offshore Mech. and Arctic Eng.},
volume = {131},
pages = {031602},
year = {2009},
}

@article{LindgrenEtAl2010Non,
author = {Lindgren, G. and Bolin, D. and Lindgren, F.},
title = {Non-traditional stochastic models for ocean waves},
journal = {Eur. Phys. J. Special Topics},
volume = {185},
pages = {209--224},
year = {2010},
}

@article{LindgrenAndLindgren2011Stochastic,
author = {Lindgren, G. and Lindgren, F.},
title = {Stochastic asymmetry properties of 3{D} {G}auss-{L}agrange
ocean waves with directional spreading},
journal = {Stochastic Models},
volume = {27},
pages = {490--520},
year = {2011},
}

@article{Miche1944Mouvements,
author = {Miche, M.},
title = {Mouvements ondulatoires de la mer on profondeur constante ou
d{\'e}croissante. {F}orme limit de la houle lors de son
d{\'e}ferlement. {A}pplication aux digues marines.},
journal = {Ann. Ponts Chass{\'e}es},
volume = {114},
pages = {25--78},
year = {1944},
}

@article{AnnankovShira1999,
author = {Annenkov, S.Yu. and Shrira, V.I.},
year =  {1999},
title = {Sporadic wind wave horse-shoe patterns},
journa = {Nonlinear Processes in Geophysics},
volume = {6},
pages = {27--50},
}

@book{AzaisWschebor2009,
author = {Aza{\"i}s, J-M. and Wschebor, M.},
year = {2009},
title = {Level sets and extrema of random processes and fields},
publisher = {John Wiley \& Sons},
address = {Hoboken},
}

@article{Buldakovetal2006,
author = {Buldakov, E.V. and Taylor, P.H. and Eatock Taylor R.},
year = {2006},
title = {New asymptotic description of nonlinear water waves in
Lagrangian coordinates},
journal = {J. Fluid Mechanics},
volume = {562},
pages = {431--444},
}

@article{Clamond2007,
author = {Clamond, D.},
year = {2007},
title = {On the Lagrangian description of steady surface gravity waves},
journal = {J. Fluid Dynamics},
volume = {589},
pages = {433--454},
}

@article{fouqueskrogstadmyrhaug2006,
author = {Fouques, S. and Krogstad, H.E. and Myrhaug, D.},
year = {2006},
title = {A second order Lagrangian model for irregular ocean waves},
journal = {J. Offshore Mech. Arct. Eng.},
volume = {128},
pages = {177--183},
}

@article{gjosund2003,
author = {Gj{\o}sund, S.H.},
year = {2003},
title = {A Lagrangian model for irregular waves and
wave kinematics},
journal = {J. Offshore Mech. Arct. Eng.},
volume = {125},
pages = {94--102},
}

@book{Janssen2004,
author = {Janssen, P.},
year = {2004},
title = {The interaction of ocean waves and wind},
publisher = {Cambridge University Press},
address = {Cambridge},
}

@book{Kinsman1984,
author = {Kinsman, B.},
year = {1984},
title = {Wind waves},
publisher = {Dover Publications},
address = {New York},
}

@article{Kristiansenetal2005,
author = {Kristiansen, \O. and  Fructus, D. and Clamond, D. and Grue, J.},
year = {2005},
title = {Simulations of crescent water wave patterns on finite depth},
journal = {Physics of fluids},
volume = {17},
pages = {064101,  1--15},
}

@book{Leadbetteretal1983,
author = {Leadbetter, M.R. and Lindgren, G. and Rootz{\' e}n, H.},
year = {1983},
title = {Extremes and related properties of stationary sequences and
processes},
publisher = {Springer-Verlag},
address = {New York},
}

@article{Lindgren1970,
author = {Lindgren, G.},
year = {1970},
title = {Some properties of a normal process near a local maximum},
journal = {Ann. Math. Statist.},
volume =  {41},
pages = {1870--1883},
}

@article{Lindgren1972,
author = {Lindgren, G.},
year = {1972},
title = {Local maxima of Gaussian fields},
journal = {Ark. Mat.},
volume = {10},
pages = {195--218},
}

@book{Lindgren2013,
author = {Lindgren, G.},
year = {2013},
title = {Stationary Stochastic Processes -- Theory and Applications},
publisher = {Chapman \& Hall/CRC},
address = {Boca Raton},
}

@article{Nouguieretal2009,
author = {Nouguier, F. and Gu{\' e}rin, C.A. and and Chapron, B.},
year = {2009},
title = {``Choppy'' wave model for non-linear gravity waves},
journal = {J. Geophys. Res.},
volume = {114},
pages = {C09012},
}

@article{Nouguieretal2010,
author = {Nouguier, F. and  Gu{\' e}rin, C.A. and Chapron, B.},
year = {2010},
title = {Scattering from nonlinear gravity waves: The ``Choppy wave'' model},
journal = {IEEE Trans. Geosci. Remote Sens.},
volume = {49},
pages = {4184--4192},
}

@techreport{Nouguieretal2014,
author = {Nouguier, F. and Chapron, B. and Gu{\' e}rin, C.A.},
year = {2014},
title = {Second-order Lagrangian interactions of tri-dimensional gravity waves},
institution = {Institut M{\' e}diterran{\' e}en d'oc{\' e}anologie (MIO), Universit{\' e} de Toulon, France},
}

@techreport{Pierson1961,
author = {Pierson, W. J.},
year = {1961},
title = {Models of random seas based on the Lagrangian equations of motion},
institution = {New York University, College of Engineering, Research Division, Dept. of Meteorology and
Oceanography},
}

\bibitem[Slepian(1962)]{Slepian1962}
{\sc Slepian, D.} (1962).
On the zeros of Gaussian noise. in \emph{Proc.\ Symp.\ Time Ser.\ Anal.}, ed.\
M.\ Rosenblatt, John Wiley, New York.

\bibitem[Socquet-Juglard et al.(2004)]{socquetjuglarddystetrulsen2004}
{\sc Socquet-Juglard, H., Dysthe, K.B., Trulsen, K., Fouques, S., Liu, J.\
and Krogstad, H.} (2004).
Spatial extremes, shape of large waves, and Lagrangian models.
In \emph{Proc.\ Rogue Waves, Brest, 2004}. Available at URL
{\sf http://www.ifremer.fr/web-com/stw2004/rw/fullpapers/krogstad.pdf}.

\bibitem{wafo}
{\sc  WAFO-group}, (2007).
\emph{{\sf WAFO} - A Matlab Toolbox for Analysis of
Random Waves and Loads - A Tutorial},
Math.\ Stat., Center for Math.\ Sci., Lund Univ., Lund, Sweden.
URL {\sf http://www.maths.lth.se/matstat/wafo}.
