%%
%% WinShell 3.3.1.5
%% http://www.winshell.org/
%%

% Strings


% Preamble


% BibTeX Entries
@article{AbergLindgren2008,
 author               = {\AA{}berg, Sofia and Lindgren, Georg},
 journal              = {Probabilistic Engineering Mechanics},
 number               = {4},
 pages                = {359--363},
 publisher            = {Elsevier},
 title                = {{Height distribution of stochastic Lagrange ocean waves}},
 url                  = {http://dx.doi.org/10.1016/j.probengmech.2007.08.006},
 volume               = {23},
 year                 = {2008},
 }

@article{Lindgren2006,
 author               = {Lindgren, Georg},
 journal              = {Advances in Applied Probability},
 number               = {2},
 pages                = {430--450},
 publisher            = {Applied Probability Trust},
 title                = {{Slepian models for the stochastic shape of individual Lagrange sea waves}},
 url                  = {http://dx.doi.org/10.1239/aap/1151337078},
 volume               = {38},
 year                 = {2006},
 }

@article{Lindgren2009,
 author               = {Lindgren, Georg},
 journal              = {Applied Ocean Research},
 number               = {1},
 pages                = {65--73},
 publisher            = {Elsevier},
 title                = {{Exact asymmetric slope distributions in stochastic Gauss--{}Lagrange ocean waves}},
 url                  = {http://dx.doi.org/10.1016/j.apor.2009.06.002},
 volume               = {31},
 year                 = {2009},
 }

@article{Lindgren2010a,
 author               = {Lindgren, Georg},
 journal              = {Advances in Applied Probability},
 number               = {2},
 pages                = {489--508},
 publisher            = {Applied Probability Trust},
 title                = {{Slope distribution in front-back asymmetric stochastic Lagrange time waves}},
 url                  = {http://dx.doi.org/http://dx.doi.org/10.1239/aap/1275055239},
 volume               = {42},
 year                 = {2010},
 }

@article{LindgrenAberg2009,
 author               = {Lindgren, Georg and \AA{}berg, Sofia},
 journal              = {Journal of Offshore Mechanics and Arctic Engineering},
 number               = {3},
 pages                = {031602-1--031602-8},
 publisher            = {ASME},
 title                = {{First Order Stochastic Lagrange Model for Asymmetric Ocean Waves}},
 url                  = {http://dx.doi.org/10.1115/1.3124134},
 volume               = {131},
 year                 = {2009},
 }

@article{Lindgrenetal2010,
 author               = {Lindgren, Georg and Bolin, David and Lindgren, Finn},
 journal              = {The European Physical Journal Special Topics},
 pages                = {209--224},
 publisher            = {EDP Sciences, Springer Verlag},
 title                = {{Non-traditional stochastic models for ocean waves}},
 url                  = {http://dx.doi.org/10.1140/epjst/e2010-01250-y},
 volume               = {185},
 year                 = {2010},
 }
